%
% This file was created with JabRef 2.9.2.
% Encoding: Cp1252

@ARTICLE{Luthje2004,
  author = {C. l\"{u}thje},
  title = {Characteristics of innovating users in a consumer goods field An
	empirical study of sport-related product consumers},
  journal = {Elsevier},
  year = {2004},
  owner = {HSN},
  timestamp = {2014.10.28}
}

@ARTICLE{Luthje2005,
  author = {C. l\"{u}thje and Cornelius Herstatt and Eric von Hippel},
  title = {User-innovators and �local� information: The case of mountain
	biking},
  journal = {Elsevier},
  year = {2005},
  owner = {HSN},
  timestamp = {2014.10.28}
}

@TECHREPORT{Studyfine2,
  author = {Uploaded by nienkevdh},
  title = {The Battle of The Langstudeerders - DIS Awards 2011 },
  year = {21 Mar 2011},
  note = {Referenced April 2011, 6,363 views},
  timestamp = {2011.04.17},
  url = {http://www.youtube.com/watch?v=4Txy6EIwXqY}
}

@TECHREPORT{Studyfine1,
  author = {Uploaded by studenteninactie},
  title = {Oproep D66 GroenLinks PvdA SP voor demonstratie tegen studieboete
	
	},
  year = {1 Apr 2011 },
  note = {Referenced April 2011, 4,876 views},
  timestamp = {2011.04.17},
  url = {http://www.youtube.com/watch?v=LTGvmyxnKQk}
}

@TECHREPORT{Studyfine3,
  author = {Uploaded by frederikblauwhof},
  title = {Studentendemonstratie Amsterdam 10-12-2010 - Johannes Visser },
  year = {12 Dec 2010 },
  note = {Referenced April 2011, 4,509 views},
  timestamp = {2011.04.17},
  url = {http://www.youtube.com/watch?v=w13DQvGTsZA}
}

@TECHREPORT{Kewltv2007,
  author = {Uploaded by kewltv},
  title = {Esmee Denters (First 3 youtubed.songs)},
  year = {2007},
  note = {Referenced April 2011, 201,442 views},
  timestamp = {2011.04.17},
  url = {http://www.youtube.com/watch?v=Ko9jYby0HU0}
}

@TECHREPORT{GirlShot2009,
  author = {Uploaded by kosoofvid on 15 Jun 2009},
  title = {Girl gets shot in Tehran},
  year = {15 Jun 2009},
  note = {Referenced April 2011, 69,049 views},
  timestamp = {2011.04.17},
  url = {http://www.youtube.com/watch?v=inEpnZIYVAQ}
}

@ARTICLE{Adam1998,
  author = {Alison Adam},
  title = {Artificial Knowing: Gender and the Thinking Machine},
  year = {1998},
  note = {London: Routledge, 1998, 210 pp., (paper)},
  owner = {HSN},
  timestamp = {2014.01.31}
}

@ARTICLE{Anderberg2005,
  author = {Peter Anderberg},
  title = {Making both ends meet},
  journal = {Disability Sudies Quarterly},
  year = {2005},
  owner = {HSN},
  timestamp = {2014.10.31}
}

@ARTICLE{Aydin2014,
  author = {Ciano Aydin},
  title = {Freedom as self-constitution: An anti-individualist view of free
	will, ideals and
	
	technology},
  year = {Forth comming},
  owner = {HSN},
  timestamp = {2014.01.30}
}

@ARTICLE{Aydin2013,
  author = {Ciano Aydin},
  title = {The artifactual mind: overcoming the �inside�outside�
	
	dualism in the extended mind thesis and recognizing
	
	the technological dimension of cognition},
  year = {2013},
  owner = {HSN},
  timestamp = {2014.01.30}
}

@ARTICLE{Berlin1958,
  author = {Isaiah Berlin},
  title = {Two Concepts of Liberty},
  year = {1958},
  owner = {Eigenaar},
  timestamp = {2011.04.18}
}

@BOOK{Boden2004,
  title = {The Creative Mind;,Myths and mechanisms},
  publisher = {Routledge},
  year = {1990,2004},
  author = {Margaret A. Boden},
  owner = {HSN},
  timestamp = {2014.01.28}
}

@ARTICLE{Borgman2006,
  author = {Albert Borgman},
  title = {The Design of Public Space},
  journal = {University of Chicago Press},
  year = {2006},
  owner = {HSN},
  timestamp = {2014.11.06}
}

@ARTICLE{Brey2012,
  author = {Philip A. E. Brey},
  title = {Anticipatory Ethics for Emerging Technologies},
  year = {2012},
  owner = {Eigenaar},
  timestamp = {2014.01.24}
}

@ARTICLE{Brooks1991,
  author = {Rodney A. Brooks},
  title = {Intelligence without representation},
  year = {1991},
  volume = {Intelligence without representation, Artificial Intelligence 47 (1991)},
  pages = {139�159.},
  note = {MIT Artificial Intelligence Laboratory, 545 Technology Square, Rm.
	836, Cambridge, MA 02139, USA},
  owner = {HSN},
  timestamp = {2014.01.31}
}

@ARTICLE{Browning1990,
  author = {Douglas Browning},
  title = {Some Meanings of Automobiles},
  journal = {Technology as Human Affair},
  year = {1990},
  owner = {HSN},
  timestamp = {2014.10.31}
}

@ARTICLE{Buiter2008,
  author = {Hans Buiter},
  title = {Constructing Dutch Streets},
  journal = {Urban Machinery},
  year = {2008},
  owner = {HSN},
  timestamp = {2014.10.31}
}

@INPROCEEDINGS{Cahour2010,
  author = {Cahour, B{\'e}atrice and Forzy, Jean-Fran{\c{c}}ois and Martin, Cl{\'e}mence},
  title = {Feelings and strategies of senior drivers: ways of coping with fear?},
  booktitle = {Proceedings of the 28th Annual European Conference on Cognitive Ergonomics},
  year = {2010},
  pages = {161--168},
  organization = {ACM}
}

@ARTICLE{Canguilhem1947,
  author = {George Canguilhem},
  title = {Machine and Organism},
  journal = {J. Crary \& S. Kwinter (Eds.): Incorporations. New York, NY: Zone,},
  year = {1947},
  pages = {pp. 45�69.},
  owner = {HSN},
  timestamp = {2014.02.02}
}

@ARTICLE{Clark1998,
  author = {Andy Clark and David J. Chalmers},
  title = {The Extended Mind},
  year = {1998},
  owner = {HSN},
  timestamp = {2014.01.30}
}

@ARTICLE{Clark2003,
  author = {Melissa Clark},
  title = {Philosophy and Technology session on Bodies in Technology },
  year = {2003},
  owner = {Eigenaar},
  timestamp = {2014.01.21}
}

@BOOK{Collingridge1980,
  title = {The Social Control of Technology},
  publisher = {Frances Pinter},
  year = {1980},
  author = {David Collingridge},
  owner = {HSN},
  timestamp = {2014.01.28}
}

@BOOK{Darwell1998,
  title = {Philosophical Ethics},
  publisher = {Westview Press},
  year = {1998},
  author = {Stephen Darwall},
  address = {United States of America},
  owner = {Eigenaar},
  timestamp = {2011.02.05}
}

@TECHREPORT{Duinker2004,
  author = {P. Duinker},
  title = {Groei Bevolking Nederland,Groei Bevolking E.U.,Eeuw der Koninginnen},
  year = {2004},
  timestamp = {2011.02.06},
  url = {http://www.xs4all.nl/~pduinker/Problemen/Nederland/malheur.html}
}

@ARTICLE{Feenberg2003,
  author = {Andrew Feenberg},
  title = {Active and Passive Bodies: Comments on Don Ihde's Bodies in Technology},
  year = {2003},
  owner = {Eigenaar},
  timestamp = {2014.01.21}
}

@PHDTHESIS{Ferguson2010,
  author = {Alexander Francis Ferguson},
  title = {Creativity:
	
	A Philosophical Exploration},
  school = {University of Canterbury},
  year = {2010},
  owner = {HSN},
  timestamp = {2014.01.28}
}

@ARTICLE{FisherMahajan2006,
  author = {E. Fisher and R.L. Mahajan},
  title = {Midstream Modulation of Nanotechnology Research in an Academic Laboratory},
  year = {2006},
  owner = {Eigenaar},
  timestamp = {2014.01.24}
}

@ARTICLE{Fisher2006,
  author = {Erik Fisher and Roop L. Mahajan and Carl Mitcham},
  title = {Midstream Modulation of Technology: Governance From Within},
  year = {2006},
  owner = {Eigenaar},
  timestamp = {2014.01.24}
}

@ARTICLE{Franke2001,
  author = {Nikolaus Franke and Sonali Shah},
  title = {How communities support innovative activities: an exploration of
	assistance and sharing among end-users},
  journal = {elsevier},
  year = {2001},
  owner = {HSN},
  timestamp = {2014.10.28}
}

@ARTICLE{Friedman2001,
  author = {Batya Friedman and Peter H. Kahn Jr. and Alan Borning},
  title = {Value Sensitive Design: Theory and Methods},
  year = {2001},
  owner = {Eigenaar},
  timestamp = {2014.01.24}
}

@TECHREPORT{China1995,
  author = {Government},
  title = {Govt. White Papers - china.org.cn},
  institution = {Information Office of the State Council
	
	Of the People's Republic of China},
  year = {1995},
  timestamp = {2011.02.06},
  url = {http://www.china.org.cn/e-white/familypanning/13-9.htm}
}

@ARTICLE{Guston2002,
  author = {David H. Guston and Daniel Sarewitz},
  title = {Real-time technology assessmentn},
  year = {2002},
  owner = {Eigenaar},
  timestamp = {2014.01.24}
}

@ARTICLE{Hansson2007,
  author = {Sten Ove Hansson},
  title = {The Ethics of Enabling Teclnologies},
  journal = {Cambridge Quarterly of Health},
  year = {2007},
  owner = {HSN},
  timestamp = {2014.10.31}
}

@BOOK{Heidegger2009,
  title = {Zijn en Tijd},
  publisher = {SUN 2e druk 2009},
  year = {2009},
  editor = {Mark Wildschut},
  author = {Martin Heidegger},
  note = {Dutch}
}

@BOOK{Heidegger2006,
  title = {Sein und Zeit},
  publisher = {Max Niemeyer Verlag},
  year = {2006},
  author = {Martin Heidegger},
  address = {T\"{u}bingen}
}

@ARTICLE{Heisman2010,
  author = {Hans Heisman},
  title = {30 Year History of the BMW GS},
  year = {2010},
  owner = {HSN},
  timestamp = {2014.10.28}
}

@ARTICLE{VonHippel2009,
  author = {Eric von Hippel},
  title = {Open user innovations},
  journal = {University of Twente},
  year = {2009},
  owner = {HSN},
  timestamp = {2014.10.28}
}

@BOOK{VonHippel2005,
  title = {Democratizing Innovation},
  publisher = {The MIT Press, Cambridge, Massachusetts},
  year = {2005},
  author = {Eric von Hippel},
  address = {London, England},
  owner = {Eigenaar},
  timestamp = {2014.10.28}
}

@ARTICLE{VonHippel1994,
  author = {Eric von Hippel},
  title = {Sticky Information and the Locus of Problem Solving: Implications
	for Innovation},
  journal = {Management Science 40(4)},
  year = {1994},
  owner = {HSN},
  timestamp = {2014.10.28}
}

@ARTICLE{Hyysalo2013,
  author = {Sampsa Hyysalo and Jouni K. Juntunen and Stephanie Freeman},
  title = {Internet Forums and the Rise of the Inventive Energy User},
  journal = {Science \& Technology Studies},
  year = {2013},
  owner = {HSN},
  timestamp = {2014.10.28}
}

@ARTICLE{Ihde2003,
  author = {Don Ihde},
  title = {A Response to My Critics},
  year = {2003},
  owner = {Eigenaar},
  timestamp = {2014.01.21}
}

@ARTICLE{Ihde2002,
  author = {Don Ihde},
  title = {Bodies in technology. Minneapolis: University of Minnesota Press,
	pp. 3-15 (Chapter 1)},
  year = {2002},
  owner = {Eigenaar},
  timestamp = {2014.01.21}
}

@BOOK{Inwood2003,
  title = {Kopstukken Filosofie Heidegger},
  publisher = {Lemniscaat},
  year = {2003},
  author = {Michael Inwood},
  note = {Dutch}
}

@BOOK{Kate2007,
  title = {Encyclopedie van de filosofie},
  publisher = {Boom},
  year = {2007},
  author = {Laurens ten Kate},
  address = {Amsterdam}
}

@BOOK{Kenny2001,
  title = {The Oxford Illustrated history of western},
  publisher = {Oxford university press},
  year = {2001},
  author = {Anthony Kenny}
}

@ARTICLE{Khalid2010,
  author = {Khalid, Haliyana and Dix, Alan},
  title = {The experience of photologging: global mechanisms and local interactions},
  journal = {Personal and Ubiquitous Computing},
  year = {2010},
  volume = {14},
  pages = {209--226},
  number = {3},
  publisher = {Springer}
}

@TECHREPORT{Kim2004,
  author = {Dong Hun Kim},
  title = {Subjekt oder Dasein: Heideggers Auseinandersetzung mit Descartes,
	und Kant in bezug auf die Subjektivit\"{a}t des Subjekts},
  year = {2004},
  month = {04},
  url = {http://www.google.nl/url?sa=t&source=web&cd=1&ved=0CBkQFjAA& url=http%3A%2F%2Felib.suub.uni-bremen.de%2Fpublications%2Fdi ssertations%2FE-Diss963_Dissertation.pdf&rct=j&q=Heideggers% 20Auseinandersetzung%20mit%20Descartes&ei=NxHVTO-iI8ODOujf3a 8J&usg=AFQjCNEUas-jQQGOhF1v4Fq9Jd5ahbyS3g}
}

@ARTICLE{Asle2011,
  author = {Kiran, A.H.},
  title = {Technological Presence – Potentiality and actuality in technology},
  year = {Forthcoming},
  volume = {2011},
  owner = {Eigenaar},
  timestamp = {2041.0.21}
}

@ARTICLE{Malafouris2008,
  author = {Lambros Malafouris},
  title = {Beads for a Plastic Mind: the �Blind Man�s Stick� (BMS)
	
	Hypothesis and the Active Nature of Material Culture},
  year = {2008},
  owner = {HSN},
  timestamp = {2014.01.30}
}

@BOOK{McCarthy2004,
  title = {Technology as Experience},
  publisher = {The MIT Press},
  year = {2004},
  author = {John McCarthy and Peter Wright},
  address = {London, England},
  owner = {Eigenaar},
  timestamp = {2014.10.31}
}

@ARTICLE{Mumfort1968,
  author = {Lewis Mumfort},
  title = {The Highway and the City},
  journal = {The Urban Prospect},
  year = {1968},
  owner = {HSN},
  timestamp = {2014.10.31}
}

@TECHREPORT{Muswam2011,
  author = {Uploaded by Muswam},
  title = {Koen dronken},
  year = {2011},
  note = {Referenced April 2011, 26 views},
  timestamp = {2011.04.17},
  url = {http://www.youtube.com/watch?v=xj9azAAR3lo}
}

@BOOK{Pacey1999,
  title = {Meaning in Technology},
  publisher = {The MIT Press},
  year = {1999},
  author = {Arnold Pacey},
  address = {Cambridge, Massachusetts},
  edition = {First Printing 2001},
  owner = {Eigenaar},
  timestamp = {2014.11.05}
}

@ARTICLE{Palm2004,
  author = {Elin Palm and Sven Ove Hansson},
  title = {The case for ethical technology assessment (eTA)},
  year = {2004},
  owner = {Eigenaar},
  timestamp = {2014.01.24}
}

@ARTICLE{Peirce1931,
  author = {Charles Sanders Peirce},
  title = {Collected Papers of C.S. Peirce, Ch. Hartshorne \& P. Weiss; A. Burks
	
	(eds.).},
  journal = {Cambridge: Harvard University Press (abbreviation in text: CP followed
	by the conventional
	
	�[volume].[page]�-notation).},
  year = {1931-1953, 1958},
  owner = {HSN},
  timestamp = {2014.02.01}
}

@ARTICLE{Peirce1887,
  author = {Charles Sanders Peirce},
  title = {Logical machines},
  journal = {The American Journal of Psychology},
  year = {1887},
  pages = {1(1), 165�170},
  owner = {HSN},
  timestamp = {2014.02.01}
}

@TECHREPORT{Liberalism2011,
  author = {Stanford Encyclopedia of Philosophy},
  title = {Liberalism},
  year = {First published Thu Nov 28, 1996; substantive revision Thu Sep 16,
	2010},
  note = {Referenced April 2011},
  timestamp = {2011.04.17},
  url = {http://plato.stanford.edu/entries/liberalism/}
}

@TECHREPORT{Liberty2011,
  author = {Stanford Encyclopedia of Philosophy},
  title = {Positive and Negative Liberty},
  year = {First published Thu Feb 27, 2003; substantive revision Mon Oct 8,
	2007},
  note = {Referenced April 2011},
  timestamp = {2011.04.17},
  url = {http://plato.stanford.edu/entries/liberty-positive-negative/}
}

@TECHREPORT{Autonomy2011,
  author = {Stanford Encyclopedia of Philosophy},
  title = {Autonomy in Moral and Political Philosophy},
  year = {First published Mon Jul 28, 2003; substantive revision Tue Aug 11,
	2009},
  note = {Referenced April 2011},
  timestamp = {2011.04.17},
  url = {http://plato.stanford.edu/entries/autonomy-moral/}
}

@BOOK{Pirsig1974,
  title = {Zen and the Art of Motorcycle },
  publisher = {Bantam},
  year = {1974},
  author = {Robert M. Pirsig},
  address = {New York},
  owner = {Eigenaar},
  timestamp = {2014.10.31}
}

@BOOK{Popper1972,
  title = {Objective knowledge: an evolutionary approach},
  publisher = {Oxford: Oxford University Press},
  year = {1972},
  author = {Karl Popper},
  owner = {HSN},
  timestamp = {2014.02.01}
}

@BOOK{Rachels2010,
  title = {The Elements of moral Philosophy},
  publisher = {McGraw-Hill},
  year = {2010},
  author = {Stuart Rachels and James Rachels},
  owner = {Eigenaar},
  timestamp = {2011.01.29}
}

@ARTICLE{Rib2011,
  author = {Arie Rib},
  title = {Constructive Technology Assessment (ch5)},
  year = {2011},
  owner = {Eigenaar},
  timestamp = {2014.01.24}
}

@BOOK{Safranski2010,
  title = {Heidegger en zijn tijd},
  publisher = {Olympus},
  year = {1992-2010},
  author = {R\"{u}diger Safranski},
  address = {M\"{u}nchen-Wien},
  note = {Dutch}
}

@ARTICLE{Sauer2013,
  author = {Sabrina Sauer},
  title = {User innovativeness in Living Laboratories},
  journal = {Center for Telematics and Information Technology},
  year = {2013},
  owner = {HSN},
  timestamp = {2014.10.28}
}

@BOOK{Sismondo2010,
  title = {An Introduction to Science and Technology Studies},
  publisher = {Blackwell Publishing},
  year = {2010},
  author = {Sergio Sismondo},
  owner = {HSN},
  timestamp = {2014.01.28}
}

@ARTICLE{Sloterdijk2009,
  author = {Peter Sloterdijk},
  title = {Rules for the Huam Zoo: a response to the Letter on Humanism},
  journal = {Environment and Planning D: Society and Space 27(1) 12 � 28},
  year = {2009},
  owner = {HSN},
  timestamp = {2014.10.31}
}

@BOOK{Swift2007,
  title = {Political Philosophy},
  publisher = {Polity Press, UK},
  year = {2007},
  author = {Adam Swift},
  owner = {Eigenaar},
  timestamp = {2011.04.11}
}

@TECHREPORT{YouTube2011,
  author = {The YouTube Team},
  title = {YouTube Community Guidelines },
  year = {2011},
  note = {Referenced April 2011},
  timestamp = {2011.04.17},
  url = {http://www.youtube.com/t/community_guidelines}
}

@BOOK{Verbeek2005,
  title = {What Things Do},
  publisher = {The Pennsylvania State University Press},
  year = {2005},
  author = {Peter-Paul Verbeek},
  owner = {Eigenaar},
  timestamp = {2011.02.16}
}

@ARTICLE{Verhaegh2013,
  author = {Stefan Verhaegh and Ellen van Oost and Nelly Oudshoorn},
  title = {Innovation in Civil Society: The socio-material dynamics of a community
	innovation},
  journal = {University of Twente},
  year = {2013},
  owner = {HSN},
  timestamp = {2014.10.28}
}

@BOOK{Bijker1989,
  title = {The Social Construction of Technological Systems},
  publisher = {The MIT Press, Cambridge, Massachusetts},
  year = {1989},
  author = {Wiebe E. Bijker, Thomas P. Huges \& Trevor J. Pinch},
  address = {London, England},
  edition = {seventh Printing},
  owner = {Eigenaar},
  timestamp = {2011.07.11}
}

@TECHREPORT{WikiCreativity2014,
  author = {Wikipedia},
  title = {Wikipedi: Creativity},
  year = {2014.01.23},
  timestamp = {2014.01.23},
  url = {http://en.wikipedia.org/wiki/Creativity}
}

@TECHREPORT{WikiHistOfCreativity2013,
  author = {Wikipedia},
  title = {Wikipedi: History of the concept of creativity},
  year = {2013.12.02},
  owner = {HSN},
  timestamp = {2013.12.01},
  url = {http://en.wikipedia.org/wiki/History_of_the_concept_of_creativity}
}

@TECHREPORT{Wikiocp2011,
  author = {Wikipedia},
  title = {One-child policy},
  year = {2011},
  timestamp = {2011.02.06},
  url = {http://en.wikipedia.org/wiki/One-child_policy}
}

@TECHREPORT{WikiWP2011,
  author = {Wikipedia},
  title = {World population - Wikipedia, the free encyclopedia},
  year = {2011},
  timestamp = {2011.02.06},
  url = {http://en.wikipedia.org/wiki/World_population}
}

@TECHREPORT{WikiYouTube2011,
  author = {Wikipedia},
  title = {YouTube},
  year = {2011},
  timestamp = {2011.04.17},
  url = {http://en.wikipedia.org/wiki/YouTube}
}

@ARTICLE{Wissink2001,
  author = {Geert Wissink},
  title = {Creativity and Congnition},
  year = {2001},
  note = {A study of creativity within the framework of cognitive science,
	artificial intelligence and the dynamical system theory.},
  owner = {HSN},
  timestamp = {2014.02.01}
}

@ARTICLE{Witgenstrein2001,
  author = {Ludwig Wittgenstein},
  title = {Philosophical investigations.},
  journal = {Oxford: Blackwell.},
  year = {2001},
  owner = {HSN},
  timestamp = {2014.02.01}
}

@inproceedings{Calvillo2008pulling,
  title={Pulling the strings: A theory of puppetry for the gaming experience},
  author={Calvillo-G{\'a}mez, Eduardo H and Cairns, Paul},
  booktitle={Conference Proceedings of the Philosophy of Computer Games},
  pages={308--323},
  year={2008}
}

@article{Torkzadeh1999development,
  title={The development of a tool for measuring the perceived impact of information technology on work},
  author={Torkzadeh, Golamreza and Doll, William J},
  journal={Omega},
  volume={27},
  number={3},
  pages={327--339},
  year={1999},
  publisher={Elsevier}
}

@book{postman2011technopoly,
  title={Technopoly: The surrender of culture to technology},
  author={Postman, Neil},
  year={2011},
  publisher={Random House LLC}
}

@article{afyounian2014information,
  title={Information and Communication Technologies in Support of Remembering: A Postphenomenological Study},
  author={Afyounian, Ebrahim},
  year={2014}
}

@article{hickman2008postphenomenology,
  title={Postphenomenology and Pragmatism: Closer Than You Might Think?},
  author={Hickman, Larry A},
  year={2008},
  publisher={Digital Library and Archives of the Virginia Tech University Libraries}
}

@article{ihde2009vinci,
  title={From da Vinci to CAD and beyond},
  author={Ihde, Don},
  journal={Synthese},
  volume={168},
  number={3},
  pages={453--467},
  year={2009},
  publisher={Springer}
}

@article{taylor2003aesthetic,
  title={The aesthetic experience of traffic in the modern city},
  author={Taylor, Nigel},
  journal={Urban Studies},
  volume={40},
  number={8},
  pages={1609--1625},
  year={2003},
  publisher={Sage Publications}
}

@article{schmookler1966invention,
  title={Invention and economic growth},
  author={Schmookler, Jacob},
  year={1966}
}

@article{wellman2002networked,
  title={The networked nature of community: Online and offline},
  author={Wellman, Barry and Boase, Jeffrey and Chen, Wenhong},
  journal={It \& Society},
  volume={1},
  number={1},
  pages={151--165},
  year={2002},
  publisher={Association for Survey Computing}
}

@book{bowker2000sorting,
  title={Sorting things out: Classification and its consequences},
  author={Bowker, Geoffrey C and Star, Susan Leigh},
  year={2000},
  publisher={MIT press}
}

@article{gaut2010philosophy,
  title={The philosophy of creativity},
  author={Gaut, Berys},
  journal={Philosophy Compass},
  volume={5},
  number={12},
  pages={1034--1046},
  year={2010},
  publisher={Wiley Online Library}
}

@article{falgoust2012derivative,
  title={Derivative Works, Original Value},
  author={Falgoust, Michael},
  journal={Philosophy in the Contemporary World},
  volume={19},
  number={1},
  pages={44--55},
  year={2012}
}

@article{wong20129,
  title={9 Thinking Through Consumption and Technology},
  author={Wong, Pak Hang},
  journal={The Good Life in a Technological Age},
  volume={17},
  pages={157},
  year={2012},
  publisher={Routledge}
}

@misc{wikipos2014,
   author = "Wikipedia",
   title = "Positive psychology --- Wikipedia{,} The Free Encyclopedia",
   year = "2014",
   url = "http://en.wikipedia.org/w/index.php?title=Positive_psychology&oldid=633794154",
   note = "[Online; accessed 31-October-2014]"
 }
 
@article{vallor2010social,
  title={Social networking technology and the virtues},
  author={Vallor, Shannon},
  journal={Ethics and Information Technology},
  volume={12},
  number={2},
  pages={157--170},
  year={2010},
  publisher={Springer}
}

@book{brey2012good,
  title={The good life in a technological age},
  author={Brey, Philip and Briggle, Adam and Spence, Edward},
  year={2012},
  publisher={Routledge}
}

@article{Soraker2012,
  title={Prudential-Empirical Ethics of Technology},
  author={Søraker, Johnny Hartz },
  journal={APA Newsletter},
  volume={12},
  number={1},
  pages={18--22},
  year={2012},
  publisher={}
}

@inproceedings{yalom1982terrestrial,
  title={The" terrestrial" meanings of life.},
  author={Yalom, Irvin D},
  booktitle={International Forum for Logotherapy},
  year={1982},
  organization={Viktor Frankl Inst of Logotherapy}
}

@article{sondoe1999quality,
  title={Quality of life-three competing views},
  author={Sond{\o}e, Peter},
  journal={Ethical theory and moral practice},
  volume={2},
  number={1},
  pages={11--23},
  year={1999},
  publisher={Springer}
}

@article{henrekson2013entrepreneurship,
  title={Entrepreneurship, innovation, and human flourishing},
  author={Henrekson, Magnus},
  journal={Small Business Economics},
  pages={1--18},
  year={2013},
  publisher={Springer}
}

@book{de1964time,
  title={Of time, work, and leisure},
  author={De Grazia, Sebastian and Fund, Twentieth Century},
  year={1964},
  publisher={Doubleday Garden City, NY}
}

@article{park2010does,
  title={Does it matter where we live?: The urban psychology of character strengths.},
  author={Park, Nansook and Peterson, Christopher},
  journal={American Psychologist},
  volume={65},
  number={6},
  pages={535},
  year={2010},
  publisher={American Psychological Association}
}

@article{dollinger2007creativity,
  title={Creativity and values},
  author={Dollinger, Stephen J and Burke, Philip A and Gump, Nathaniel W},
  journal={Creativity Research Journal},
  volume={19},
  number={2-3},
  pages={91--103},
  year={2007},
  publisher={Taylor \& Francis}
}

@article{russ2011changes,
  title={Changes in Children's Pretend Play Over Two Decades},
  author={Russ, Sandra W and Dillon, Jessica A},
  journal={Creativity Research Journal},
  volume={23},
  number={4},
  pages={330--338},
  year={2011},
  publisher={Taylor \& Francis}
}

@article{hoffmann2012pretend,
  title={Pretend play, creativity, and emotion regulation in children.},
  author={Hoffmann, Jessica and Russ, Sandra},
  journal={Psychology of Aesthetics, Creativity, and the Arts},
  volume={6},
  number={2},
  pages={175},
  year={2012},
  publisher={American Psychological Association}
}

@article{russ1999pretend,
  title={Pretend play: Longitudinal prediction of creativity and affect in fantasy in children},
  author={Russ, Sandra W and Robins, Andrew L and Christiano, Beth A},
  journal={Creativity Research Journal},
  volume={12},
  number={2},
  pages={129--139},
  year={1999},
  publisher={Taylor \& Francis}
}

@article{brulde2007happiness,
  title={Happiness theories of the good life},
  author={Br{\"u}lde, Bengt},
  journal={Journal of Happiness Studies},
  volume={8},
  number={1},
  pages={15--49},
  year={2007},
  publisher={Springer}
}

@article{dolan2012relationship,
  title={The relationship between innovation and subjective wellbeing},
  author={Dolan, Paul and Metcalfe, Robert},
  journal={Research Policy},
  volume={41},
  number={8},
  pages={1489--1498},
  year={2012},
  publisher={Elsevier}
}

@article{pannells2008happiness,
  title={Happiness, creative ideation, and locus of control},
  author={Pannells, Tammy C and Claxton, Amy F},
  journal={Creativity Research Journal},
  volume={20},
  number={1},
  pages={67--71},
  year={2008},
  publisher={Taylor \& Francis}
}

@article{csikszentmihalyi1997flow,
  title={Flow and the Psychology of Discovery and Invention},
  author={Csikszentmihalyi, Mihaly},
  journal={HarperPerennial, New York},
  year={1997}
}

@article{henderson2004product,
  title={Product inventors and creativity: The finer dimensions of enjoyment},
  author={Henderson, Sheila J},
  journal={Creativity Research Journal},
  volume={16},
  number={2-3},
  pages={293--312},
  year={2004},
  publisher={Taylor \& Francis}
}

@article{snijders2012ethics2,
  title={Creativity and the Capability Approach},
  author={Snijders, Harry},
  year={2012},
  publisher={University of Twente}
}
@article{snijders2014Internet,
  title={Internet forums and innovating motorcycle users},
  author={Snijders, Harry},
  year={2014},
  publisher={University of Twente}
}
@article{snijders2012technology,
  title={Technology as Experience: the R100GSPD},
  author={Snijders, Harry},
  year={2014},
  publisher={University of Twente}
}
@article{carruthers2002human,
  title={Human creativity: Its cognitive basis, its evolution, and its connections with childhood pretence},
  author={Carruthers, Peter},
  journal={The British journal for the philosophy of science},
  volume={53},
  number={2},
  pages={225--249},
  year={2002},
  publisher={Br Soc Philosophy Sci}
}

@article{jarrold1994pretend,
  title={Pretend play: Is it metarepresentational?},
  author={Jarrold, Chris and Carruthers, Peter and Smith, Peter K and Boucher, Jill},
  journal={Mind \& Language},
  volume={9},
  number={4},
  pages={445--468},
  year={1994},
  publisher={Wiley Online Library}
}
@article{finke1996imagery,
  title={Imagery, creativity, and emergent structure},
  author={Finke, Ronald A},
  journal={Consciousness and cognition},
  volume={5},
  number={3},
  pages={381--393},
  year={1996},
  publisher={Elsevier}
}

@article{ward1994structured,
  title={Structured imagination: The role of category structure in exemplar generation},
  author={Ward, Thomas B},
  journal={Cognitive Psychology},
  volume={27},
  number={1},
  pages={1--40},
  year={1994},
  publisher={Elsevier}
}

@article{hutchins2005material,
  title={Material anchors for conceptual blends},
  author={Hutchins, Edwin},
  journal={Journal of pragmatics},
  volume={37},
  number={10},
  pages={1555--1577},
  year={2005},
  publisher={Elsevier}
}

@book{gentner2014mental,
  title={Mental models},
  author={Gentner, Dedre and Stevens, Albert L},
  year={2014},
  publisher={Psychology Press}
}

@book{held2006mental,
  title={Mental Models \& the Mind},
  author={Held, Carsten and Gottfried, MGV and Knauff, Markus},
  year={2006},
  publisher={North Holland}
}

@article{gurteen1998knowledge,
  title={Knowledge, creativity and innovation},
  author={Gurteen, David},
  journal={Journal of knowledge Management},
  volume={2},
  number={1},
  pages={5--13},
  year={1998},
  publisher={MCB UP Ltd}
}

@article{leung2012embodied,
  title={Embodied metaphors and creative “acts”},
  author={Leung, Angela K-y and Kim, Suntae and Polman, Evan and Ong, Lay See and Qiu, Lin and Goncalo, Jack A and Sanchez-Burks, Jeffrey},
  journal={Psychological science},
  volume={23},
  number={5},
  pages={502--509},
  year={2012},
  publisher={Sage Publications}
}

@article{ward1994structured,
  title={Structured imagination: The role of category structure in exemplar generation},
  author={Ward, Thomas B},
  journal={Cognitive Psychology},
  volume={27},
  number={1},
  pages={1--40},
  year={1994},
  publisher={Elsevier}
}

@article{haybron2000two,
  title={Two philosophical problems in the study of happiness},
  author={Haybron, Daniel M},
  journal={Journal of Happiness Studies},
  volume={1},
  number={2},
  pages={207--225},
  year={2000},
  publisher={Springer}
}

@article{gabora2013did,
  title={How did humans become so creative? A computational approach},
  author={Gabora, Liane and DiPaola, Steve},
  journal={arXiv preprint arXiv:1308.5032},
  year={2013}
}

@misc{karenpretend2014,
   author = "Karen Stagnitti",
   title = "What is pretend play",
   year = "2014",
   url = "http://www.karenstagnitti.com/pretend-to-play/what-is-pretend-play-2/",
   note = "[Online; accessed 31-October-2014]"
}

@article{gentner1985evolution,
  title={The evolution of mental metaphors in psychology: A 90-year retrospective.},
  author={Gentner, Dedre and Grudin, Jonathan},
  journal={American Psychologist},
  volume={40},
  number={2},
  pages={181},
  year={1985},
  publisher={American Psychological Association}
}

@article{hill1995metaphors,
  title={Metaphors and mental models: Sensemaking and sensegiving in innovative and entrepreneurial activities},
  author={Hill, Robert C and Levenhagen, Michael},
  journal={Journal of Management},
  volume={21},
  number={6},
  pages={1057--1074},
  year={1995},
  publisher={Sage Publications}
}

@article{silvia2014everyday,
  title={Everyday creativity in daily life: An experience-sampling study of “little c” creativity.},
  author={Silvia, Paul J and Beaty, Roger E and Nusbaum, Emily C and Eddington, Kari M and Levin-Aspenson, Holly and Kwapil, Thomas R},
  journal={Psychology of Aesthetics, Creativity, and the Arts},
  volume={8},
  number={2},
  pages={183},
  year={2014},
  publisher={American Psychological Association}
}

@misc{breen2014creativity,
   author = "Breen, Bill",
   title = "THE 6 MYTHS OF CREATIVITY",
   year = "2014",
   url = "http://www.fastcompany.com/51559/6-myths-creativity",
   note = "[Online; accessed 31-October-2014]"
}

@article{smith1959research,
  title={Research strategies toward a conception of positive mental health.},
  author={Smith, M Brewster},
  journal={American Psychologist},
  volume={14},
  number={11},
  pages={673},
  year={1959},
  publisher={American Psychological Association}
}

@book{mcconachie2006performance,
  title={Performance and cognition: theatre studies and the cognitive turn},
  author={McConachie, Bruce and Hart, F Elizabeth},
  year={2006},
  publisher={Routledge}
}

@article{vosniadou1992mental,
  title={Mental models of the earth: A study of conceptual change in childhood},
  author={Vosniadou, Stella and Brewer, William F},
  journal={Cognitive psychology},
  volume={24},
  number={4},
  pages={535--585},
  year={1992},
  publisher={Elsevier}
}

@article{johnson20048,
  title={8 The history of mental models},
  author={Johnson-Laird, PN},
  journal={Psychology of reasoning: Theoretical and historical perspectives},
  pages={179},
  year={2004},
  publisher={Psychology Press}
}

@article{carruthersorigins,
  title={The Origins of Creativity},
  author={Carruthers, Peter and Picciuto, Elizabeth}
}

@article{carruthers2011creative,
  title={Creative action in mind},
  author={Carruthers, Peter},
  journal={Philosophical Psychology},
  volume={24},
  number={4},
  pages={437--461},
  year={2011},
  publisher={Taylor \& Francis}
}
@article{carruthers2007creative,
  title={The creative-action theory of creativity},
  author={Carruthers, Peter},
  journal={The Architecture of Mind: massive modularity and the flexibility of thought},
  year={2007}
}

@article{carruthers2002human,
  title={Human creativity: Its cognitive basis, its evolution, and its connections with childhood pretence},
  author={Carruthers, Peter},
  journal={The British journal for the philosophy of science},
  volume={53},
  number={2},
  pages={225--249},
  year={2002},
  publisher={Br Soc Philosophy Sci}
}

@article{jarrold1994pretend,
  title={Pretend play: Is it metarepresentational?},
  author={Jarrold, Chris and Carruthers, Peter and Smith, Peter K and Boucher, Jill},
  journal={Mind \& Language},
  volume={9},
  number={4},
  pages={445--468},
  year={1994},
  publisher={Wiley Online Library}
}

@book{mithen2005creativity,
  title={Creativity in human evolution and prehistory},
  author={Mithen, Steven},
  year={2005},
  publisher={Routledge}
}

@article{stokes2008metaphysics,
  title={A metaphysics of creativity},
  author={Stokes, Dustin},
  journal={New Waves in Aesthetics},
  pages={105--124},
  year={2008},
  publisher={Palgrave MacMillan New York}
}

@article{gaut2003creativity,
  title={Creativity and imagination},
  author={Gaut, Berys},
  journal={The creation of art},
  pages={148--173},
  year={2003},
  publisher={Cambridge University Press Cambridge, England}
}

@article{davies2012climate,
  title={Climate, Creativity and Competition: Evaluating the Neanderthal ‘glass ceiling.’},
  author={Davies, William},
  journal={Origins of Human Innovation and Creativity},
  volume={16},
  pages={103},
  year={2012},
  publisher={Elsevier}
}

@article{erden2010could,
  title={Could a Created Being Ever be Creative? Some Philosophical Remarks on Creativity and AI Development},
  author={Erden, Yasemin J},
  journal={Minds and Machines},
  volume={20},
  number={3},
  pages={349--362},
  year={2010},
  publisher={Springer}
}

@article{feenberg2009peter,
	title={Peter-Paul Verbeek: review of what things do},
	author={Feenberg, Andrew},
	journal={Human studies},
	volume={32},
	number={2},
	pages={225--228},
	year={2009},
	publisher={Springer}
}
// 26-jan-2015
@book{verbeek2011moralizing,
	title={Moralizing technology: Understanding and designing the morality of things},
	author={Verbeek, Peter-Paul},
	year={2011},
	publisher={University of Chicago Press}
}

@book{bijker2012social,
	title={The social construction of technological systems: New directions in the sociology and history of technology},
	author={Bijker, Wiebe E and Hughes, Thomas P and Pinch, Trevor and Douglas, Deborah G},
	year={2012},
	publisher={MIT press}
}

@article{bardsley2009idea,
	title={The Idea of Creativity},
	author={Bardsley, Karen and Dutton, Denis and Krausz, Michael},
	year={2009}
}

@article{simonton2003human,
	title={Human creativity: Two Darwinian analyses.},
	author={Simonton, Dean Keith},
	year={2003},
	publisher={Oxford University Press}
}

@article{hull1994hanker,
	title={Why hanker after logic? Mathematical imagination, creativity and perception in Peirce's systematic philosophy},
	author={Hull, Kathleen},
	journal={Transactions of the Charles S. Peirce Society},
	pages={271--295},
	year={1994},
	publisher={JSTOR}
}

@article{pelaprat2011minding,
	title={“Minding the Gap”: Imagination, Creativity and Human Cognition},
	author={Pelaprat, Etienne and Cole, Michael},
	journal={Integrative Psychological and Behavioral Science},
	volume={45},
	number={4},
	pages={397--418},
	year={2011},
	publisher={Springer}
}
//16-may-2015
@article{anderson1987creativity,
	title={Creativity and the Philosophy of CS Peirce},
	author={Anderson, Douglas R},
	year={1987}
}
@book{turner2006artful,
	title={The artful mind: cognitive science and the riddle of human creativity},
	author={Turner, Mark},
	year={2006},
	publisher={Oxford University Press}
}
@book{paul2014philosophy,
	title={The Philosophy of Creativity: New Essays},
	author={Paul, Elliot Samuel and Kaufman, Scott Barry},
	year={2014},
	publisher={Oxford University Press}
}
@book{dasgupta1996technology,
	title={Technology and creativity},
	author={Dasgupta, Subrata},
	year={1996},
	publisher={Oxford University Press New York}
}
@book{dutton1981concept,
	title={The concept of creativity in science and art},
	author={Dutton, Denis and Krausz, Michael},
	volume={6},
	year={1981},
	publisher={Matinus Nijhoff Publishers}
}
@article{kranzberg_confrontation_1984,
	title = {Confrontation or {Complementarity}?: {Perspectives} on {Technology} and the {Arts}},
	volume = {424},
	issn = {1749-6632},
	shorttitle = {Confrontation or {Complementarity}?},
	url = {http://onlinelibrary.wiley.com/doi/10.1111/j.1749-6632.1984.tb23519.x/abstract},
	doi = {10.1111/j.1749-6632.1984.tb23519.x},
	language = {en},
	number = {1},
	urldate = {2015-05-15},
	journal = {Annals of the New York Academy of Sciences},
	author = {Kranzberg, Melvin},
	month = may,
	year = {1984},
	pages = {333--345},
	file = {Full Text PDF:C\:\\AsusMiniMijnData\\Zotero\\Profiles\\0rf6p293.default\\zotero\\storage\\S29923PN\\Kranzberg - 1984 - Confrontation or Complementarity Perspectives on.pdf:application/pdf;Snapshot:C\:\\AsusMiniMijnData\\Zotero\\Profiles\\0rf6p293.default\\zotero\\storage\\6Z6M5DUH\\abstract.html:text/html}
}

//8-jun-2015
@book{sawyer2006explaining,
	title={Explaining creativity: The science of human innovation},
	author={Sawyer, R Keith},
	year={2006},
	publisher={Oxford University Press}
}

//12-jun-2015
@book{krausz2009idea,
	title={The idea of creativity},
	author={Krausz, Michael and Dutton, Denis and Bardsley, Karen},
	volume={28},
	year={2009},
	publisher={Brill}
}
//19-jun-2015
@book{krausz2009idea,
	title={The idea of creativity},
	author={Krausz, Michael and Dutton, Denis and Bardsley, Karen},
	volume={28},
	year={2009},
	publisher={Brill}
}

@misc{ted_schools_2015,
	title = {Do schools kill creativity?},
	url = {http://www.ted.com/talks/ken_robinson_says_schools_kill_creativity?language=en},
	abstract = {Sir Ken Robinson makes an entertaining and profoundly moving case for creating an education system that nurtures (rather than undermines) creativity.},
	urldate = {2015-06-16},
	keywords = {Interesting},
	annote = {interesting about eduction
	def of creativity
	},
	file = {Snapshot:C\:\\AsusMiniMijnData\\Zotero\\Profiles\\0rf6p293.default\\zotero\\storage\\3VDQD5JM\\ken_robinson_says_schools_kill_creativity.html:text/html}
}

@misc{wiki_ken_robinson,
	author = "Wikipedia",
	title = "Ken Robinson (educationalist) --- Wikipedia{,} The Free Encyclopedia",
	year = "2015",
	url = "https://en.wikipedia.org/w/index.php?title=Ken_Robinson_(educationalist)&oldid=666542314",
	note = "[Online; accessed 19-June-2015]"
}
//11-juli-2015
@InCollection{Seibt2013,
	author       =	{Seibt, Johanna},
	title        =	{Process Philosophy},
	booktitle    =	{The Stanford Encyclopedia of Philosophy},
	editor       =	{Edward N. Zalta},
	howpublished =	{\url{http://plato.stanford.edu/archives/fall2013/entries/process-philosophy/}},
	year         =	{2013},
	edition      =	{Fall 2013},
}
@book{whitehead1929process,
	title={Process and reality: An essay in cosmology},
	author={Whitehead, Alfred North and Griffin, David Ray and Sherburne, Donald W},
	year={1929},
	publisher={University Press Cambridge}
}
//20-juli-2015
@book{paul2014philosophy,
	title={The Philosophy of Creativity: New Essays},
	author={Paul, Elliot Samuel and Kaufman, Scott Barry},
	year={2014},
	publisher={Oxford University Press}
}
@book{turner2006artful,
	title={The artful mind: cognitive science and the riddle of human creativity},
	author={Turner, Mark},
	year={2006},
	publisher={Oxford University Press}
}
@book{rapp1990whitehead,
	title={Whitehead's metaphysics of creativity},
	author={Rapp, Friedrich and Wiehl, Reiner},
	year={1990},
	publisher={SUNY Press}
}
@book{dutton1981concept,
	title={The concept of creativity in science and art},
	author={Dutton, Denis and Krausz, Michael},
	volume={6},
	year={1981},
	publisher={Martinus Nijhoff}
}
@book{rescher1996process,
	title={Process metaphysics: An introduction to process philosophy},
	author={Rescher, Nicholas},
	year={1996},
	publisher={Suny Press}
}
@InCollection{Seibt-2013-sep,
	author       =	{Seibt, Johanna},
	title        =	{Process Philosophy},
	booktitle    =	{The Stanford Encyclopedia of Philosophy},
	editor       =	{Edward N. Zalta},
	howpublished =	{\url{http://plato.stanford.edu/archives/fall2013/entries/process-philosophy/}},
	year         =	{2013},
	edition      =	{Fall 2013},
}
@book{rescher1996process,
	title={Process metaphysics: An introduction to process philosophy},
	author={Rescher, Nicholas},
	year={1996},
	publisher={Suny Press}
}
@article{weisberg2010study,
	title={The study of creativity: from genius to cognitive science},
	author={Weisberg, Robert},
	journal={International journal of cultural policy},
	volume={16},
	number={3},
	pages={235--253},
	year={2010},
	publisher={Taylor \& Francis}
}
@article{kranzberg1984confrontation,
	title={Confrontation or Complementarity?: Perspectives on Technology and the Arts},
	author={Kranzberg, Melvin},
	journal={Annals of the New York Academy of Sciences},
	volume={424},
	number={1},
	pages={333--345},
	year={1984},
	publisher={Wiley Online Library}
}
@book{krausz2009idea,
	title={The idea of creativity},
	author={Krausz, Michael and Dutton, Denis and Bardsley, Karen},
	volume={28},
	year={2009},
	publisher={Brill}
}
@article{sophie2004invention,
	title={The Invention of Technology.},
	author={Sophie, A},
	journal={Current Anthropology},
	volume={45},
	number={2},
	pages={139--162},
	year={2004}
}

\\22-07-2015
@InCollection{Rescher-2012-sep,
	author       =	{Rescher, Nicholas},
	title        =	{Process Philosophy},
	booktitle    =	{The Stanford Encyclopedia of Philosophy},
	editor       =	{Edward N. Zalta},
	howpublished =	{\url{http://plato.stanford.edu/archives/sum2012/entries/process-philosophy/}},
	year         =	{2012},
	edition      =	{Summer 2012},
}
